<record><leader>00000cas a2200000 a 4500</leader><controlfield tag="001">12794790</controlfield><controlfield tag="008">851114d18901892ksuwr ne      0    0eng d</controlfield><datafield ind1=" " ind2=" " tag="010"><subfield code="a">sn 85067016 </subfield></datafield><datafield ind1=" " ind2=" " tag="040"><subfield code="a">KSH</subfield><subfield code="b">eng</subfield><subfield code="c">KSH</subfield><subfield code="d">NPT</subfield><subfield code="d">OCL</subfield><subfield code="d">OCLCQ</subfield></datafield><datafield ind1=" " ind2=" " tag="042"><subfield code="a">msc</subfield></datafield><datafield ind1="0" ind2=" " tag="130"><subfield code="a">Oakland news (Oakland, Kan.)</subfield></datafield><datafield ind1="1" ind2="4" tag="245"><subfield code="a">The Oakland news.</subfield></datafield><datafield ind1=" " ind2=" " tag="260"><subfield code="a">Oakland, Kan. :</subfield><subfield code="b">Oakland News Co., et. al.,</subfield><subfield code="c">1890-1892.</subfield></datafield><datafield ind1=" " ind2=" " tag="300"><subfield code="a">2 v. ;</subfield><subfield code="c">55 cm.</subfield></datafield><datafield ind1=" " ind2=" " tag="310"><subfield code="a">Weekly</subfield></datafield><datafield ind1="0" ind2=" " tag="362"><subfield code="a">Vol. 1, no. 1 (Oct. 31, 1890)-v. 2, no. 39 (July 23, 1892).</subfield></datafield><datafield ind1=" " ind2=" " tag="500"><subfield code="a">Published by Daniels &amp; Hornaday, Nov. 6, 1891-May 7, 1892.</subfield></datafield><datafield ind1=" " ind2=" " tag="500"><subfield code="a">"Republican."</subfield></datafield><datafield ind1=" " ind2=" " tag="752"><subfield code="a">United States</subfield><subfield code="b">Kansas</subfield><subfield code="c">Shawnee</subfield><subfield code="d">Topeka.</subfield></datafield><datafield ind1="0" ind2="7" tag="785"><subfield code="t">Budget (Topeka, Kan.)</subfield><subfield code="w">(DLC)sn 85032043</subfield></datafield><datafield ind1="0" ind2="7" tag="785"><subfield code="t">Budget and Oakland news</subfield><subfield code="w">(DLC)sn 85067017</subfield></datafield><datafield ind1="1" ind2=" " tag="029"><subfield code="a">AU@</subfield><subfield code="b">000022170598</subfield></datafield></record>